@misc{drones-history,
  howpublished = {\url{https://www.iwm.org.uk/history/a-brief-history-of-drones}},
  title        = {A brief history of drones},
  author = {Imperial Wars Museum},
  note = {URL consultato il 5 settembre 2023}
}

@article{rs14081858,
AUTHOR = {Bono, Antonio and Dâ€™Alfonso, Luigi and Fedele, Giuseppe and Filice, Anselmo and Natalizio, Enrico},
TITLE = {Path Planning and Control of a UAV Fleet in Bridge Management Systems},
JOURNAL = {Remote Sensing},
VOLUME = {14},
YEAR = {2022},
NUMBER = {8},
ARTICLE-NUMBER = {1858},
URL = {https://www.mdpi.com/2072-4292/14/8/1858},
ISSN = {2072-4292},
DOI = {10.3390/rs14081858}
}